@incollection{AndrewBagnell2014,
    author = {{Andrew Bagnell}, J.},
    booktitle = {Springer Tracts in Advanced Robotics},
    doi = {10.1007/978-3-319-03194-1_2},
    issn = {1610742X},
    mendeley-groups = {Robotics},
    title = {{Reinforcement Learning in Robotics: A Survey}},
    year = {2014}
}
@misc{Andrew1999,
    author = {Andrew, Alex M.},
    booktitle = {Kybernetes},
    doi = {10.1108/k.1999.28.5.7C-FROST5.3},
    issn = {0368492X},
    keywords = {Artificial intelligence,Cybernetics,Learning,Publication,Robots},
    mendeley-groups = {Robotics},
    title = {{Robot Learning}},
    year = {1999}
}
@inproceedings{Auerbach2012,
    author = {Auerbach, Joshua E. and Bongard, Joshua C.},
    booktitle = {Proceedings of the fourteenth international conference on Genetic and evolutionary computation conference - GECCO '12},
    doi = {10.1145/2330163.2330238},
    isbn = {9781450311779},
    mendeley-groups = {Robotics},
    title = {{On the relationship between environmental and morphological complexity in evolved robots}},
    year = {2012}
}
@misc{Balasubramanian2010,
    author = {Balasubramanian, Sivakumar and Klein, Julius and Burdet, Etienne},
    booktitle = {Current Opinion in Neurology},
    doi = {10.1097/WCO.0b013e32833e99a4},
    issn = {13507540},
    keywords = {hand impairments,robot-assisted rehabilitation,stroke},
    mendeley-groups = {Robotics},
    title = {{Robot-assisted rehabilitation of hand function}},
    year = {2010}
}

@article{Boumediene2012,
    author = {Bouzidi, Boumediene and tamali, Mohammed, and Allali, Ahmed},
    keywords = {Availability,ENA,Economic indicators,Energy management,Energy measurement,Energy resources,Maintenance engineering,Reliability engineering,Reliability theory,Remote monitoring Additional Manuscript Keywords,continuity,performance,power system,reliability,simulations Keywords,simulations and AGs},
    mendeley-groups = {Robotics},
    journal = {Energy Optimization and Engineering},
    title = {{System Reliability Method Applied to Electrical Energy Optimization Problem}},
    year = {2012}
}
@article{Buchli2009,
    author = {Buchli, Jonas and Kalakrishnan, Mrinal and Mistry, Michael and Pastor, Peter and Schaal, Stefan},
    doi = {10.1109/IROS.2009.5354681},
    isbn = {9781424438044},
    journal = {2009 IEEE/RSJ International Conference on Intelligent Robots and Systems, IROS 2009},
    mendeley-groups = {Robotics},
    title = {{Compliant quadruped locomotion over rough terrain}},
    year = {2009}
}
@article{Cooke2002,
    author = {Cooke, J A and Johnson, M S},
    doi = {10.1139/a01-014},
    issn = {1181-8700},
    journal = {Environmental Reviews},
    mendeley-groups = {Robotics},
    title = {{Ecological restoration of land with particular reference to the mining of metals and industrial minerals: A review of theory and practice}},
    year = {2002}
}
@article{Cully2015,
    author = {Cully, Antoine and Clune, Jeff and Tarapore, Danesh and Mouret, Jean Baptiste},
    doi = {10.1038/nature14422},
    issn = {14764687},
    journal = {Nature},
    mendeley-groups = {Robotics},
    title = {{Robots that can adapt like animals}},
    year = {2015}
}
@article{DAndola2018,
    author = {D'Andola, Mattia and Rebollo, Beatriz and Casali, Adenauer G. and Weinert, Julia F. and Pigorini, Andrea and Villa, Rosa and Massimini, Marcello and Sanchez-Vives, Maria V.},
    doi = {10.1093/cercor/bhx122},
    issn = {14602199},
    journal = {Cerebral Cortex},
    keywords = {Bistability,Cerebral cortex,Complexity,Consciousness,Slow oscillations},
    mendeley-groups = {Robotics},
    title = {{Bistability, causality, and complexity in cortical networks: An in vitro perturbational study}},
    year = {2018}
}
@article{Dahl2009,
     author = {Dahl, Torbj{\o}rn S. and Matari{\'{c}}, Maja and Sukhatme, Gaurav S.},
    doi = {10.1016/j.robot.2008.12.001},
    issn = {09218890},
    journal = {Robotics and Autonomous Systems},
    keywords = {Multi-robot task allocation,Reinforcement learning},
    mendeley-groups = {Robotics},
    title = {{Multi-robot task allocation through vacancy chain scheduling}},
    year = {2009}
}
@inproceedings{Drotman2017,
    author = {Drotman, Dylan and Jadhav, Saurabh and Karimi, Mahmood and Dezonia, Philip and Tolley, Michael T.},
    booktitle = {Proceedings - IEEE International Conference on Robotics and Automation},
    doi = {10.1109/ICRA.2017.7989652},
    isbn = {9781509046331},
    issn = {10504729},
    mendeley-groups = {Robotics},
    title = {{3D printed soft actuators for a legged robot capable of navigating unstructured terrain}},
    year = {2017}
}
@article{Duquette2008,
    author = {Duquette, Audrey and Michaud, Fran{\c{c}}ois and Mercier, Henri},
    doi = {10.1007/s10514-007-9056-5},
    issn = {09295593},
    journal = {Autonomous Robots},
    keywords = {Human-robot interaction,Low-functioning autism,Mobile robotics,Pediatric rehabilitation},
    mendeley-groups = {Robotics},
    title = {{Exploring the use of a mobile robot as an imitation agent with children with low-functioning autism}},
    year = {2008}
}
@book{EnriqueFernandezLuisSanchezCrespoAnilMahtani2015,
    archivePrefix = {arXiv},
    arxivId = {arXiv:1011.1669v3},
    author = {{Enrique Fernandez, Luis Sanchez Crespo, Anil Mahtani}, Aaron Martinez},
    booktitle = {PACKT},
    doi = {10.1017/CBO9781107415324.004},
    eprint = {arXiv:1011.1669v3},
    isbn = {9788578110796},
    issn = {02140659},
    publisher = {Packt Publishing},
    keywords = {Analgesia,Animal models,Drugs,Neuropathic pain},
    mendeley-groups = {Robotics},
    pmid = {25246403},
    title = {{Learning ROS for Robotics Programming}},
    year = {2015}
}
@article{Geng2009,
    author = {Geng, Yong and Hengxin, Zhao},
    doi = {10.1016/j.jclepro.2009.03.009},
    issn = {09596526},
    journal = {Journal of Cleaner Production},
    keywords = {Eco-industrial parks,Environmental management,Industrial parks,Site selection},
    mendeley-groups = {Robotics},
    title = {{Industrial park management in the Chinese environment}},
    year = {2009}
}
@inproceedings{Gerkey2004,
    author = {Gerkey, B.P. and Mataric, M.J.},
    doi = {10.1109/robot.2003.1242189},
    mendeley-groups = {Robotics},
    title = {{Multi-robot task allocation: analyzing the complexity and optimality of key architectures}},
    booktitle = {Proceedings of the IEEE International Conference on Robotics and Automation (ICRA 2003)},
    year = {2004}
}
@inproceedings{Hahnel2003,
    author = {H{\"{a}}hnel, Dirk and Burgard, Wolfram and Thurn, Sebastian},
    booktitle = {Robotics and Autonomous Systems},
    doi = {10.1016/S0921-8890(03)00007-1},
    issn = {09218890},
    keywords = {3D mapping,Map building,Model simplification},
    mendeley-groups = {Robotics},
    title = {{Learning compact 3D models of indoor and outdoor environments with a mobile robot}},
    year = {2003}
}
@article{Handfield2002,
    author = {Handfield, Robert B. and Bechtel, Christian},
    doi = {10.1016/S0019-8501(01)00169-9},
    issn = {00198501},
    journal = {Industrial Marketing Management},
    keywords = {Buyer seller relationships,Relational marketing,Supply chain management,Trust},
    mendeley-groups = {Robotics},
    title = {{The role of trust and relationship structure in improving supply chain responsiveness}},
    year = {2002}
}
@article{Henze2016,
    author = {Henze, Bernd and Dietrich, Alexander and Ott, Christian},
    doi = {10.1109/LRA.2015.2512933},
    issn = {23773766},
    journal = {IEEE Robotics and Automation Letters},
    keywords = {Compliance and Impedance Control,Force Control,Humanoid Robots,Redundant Robots},
    mendeley-groups = {Robotics},
    title = {{An Approach to Combine Balancing with Hierarchical Whole-Body Control for Legged Humanoid Robots}},
    year = {2016}
}
@article{Hirukawa2006,
    author = {Hirukawa, Hirohisa and Hattori, Shizuko and Harada, Kensuke and Kajita, Shuuji and Kaneko, Kenji and Kanehiro, Fumio and Fujiwara, Kiyoshi and Morisawa, Mitsuharu},
    doi = {10.1109/ROBOT.2006.1641995},
    isbn = {0780395069},
    issn = {10504729},
    journal = {Proceedings - IEEE International Conference on Robotics and Automation},
    mendeley-groups = {Robotics},
    title = {{A universal stability criterion of the foot contact of legged robots - Adios ZMP}},
    year = {2006}
}
@article{Hwangbo2019,
    author = {Hwangbo, Jemin and Lee, Joonho and Dosovitskiy, Alexey and Bellicoso, Dario and Tsounis, Vassilios and Koltun, Vladlen and Hutter, Marco},
    doi = {10.1126/scirobotics.aau5872},
    issn = {24709476},
    journal = {Science Robotics},
    mendeley-groups = {Robotics},
    title = {{Learning agile and dynamic motor skills for legged robots}},
    year = {2019}
}
@article{Indicated1987,
    author = {authorship Indicated, No},
    doi = {http://dx.doi.org/10.1037/026565},
    issn = {0010-7549},
    journal = {Contemporary Psychology},
    keywords = {*Geometry,*Problem Solving,*Robotics},
    mendeley-groups = {Robotics},
    title = {{Review of Planning, Geometry, and Complexity of Robot Motion.}},
    year = {1987}
}
@article{Kar2003,
    author = {Kar, D. C. and {Kurien Issac}, K. and Jayarajan, K.},
    doi = {10.1016/S0094-114X(02)00124-6},
    issn = {0094114X},
    journal = {Mechanism and Machine Theory},
    keywords = {Energetics,Gait,Legged locomotion,Stepping pattern},
    eley-groups = {Robotics},
    title = {{Gaits and energetics in terrestrial legged locomotion}},
    year = {2003}
}
@article{Kim2010,
    author = {Kim, Sang Hun and Yoon, Sung Geun and Chae, Song Hwa and Park, Sunwon},
    doi = {10.1016/j.jenvman.2009.09.033},
    issn = {03014797},
    journal = {Journal of Environmental Management},
    keywords = {Eco-industrial park,Industrial ecology,Mathematical optimization model,Multi-site utility network},
    mendeley-groups = {Robotics},
    title = {{Economic and environmental optimization of a multi-site utility network for an industrial complex}},
    year = {2010}
}
@article{Kolling2016,
    author = {Kolling, Andreas and Walker, Phillip and Chakraborty, Nilanjan and Sycara, Katia and Lewis, Michael},
    doi = {10.1109/THMS.2015.2480801},
    issn = {21682291},
    journal = {IEEE Transactions on Human-Machine Systems},
    keywords = {Human-robot interaction (HRI),human-swarm interaction (HSI),multi-robot systems,swarm robotics},
    mendeley-groups = {Robotics},
    title = {{Human Interaction with Robot Swarms: A Survey}},
    year = {2016}
}
@incollection{Kortenkamp2008,
    author = {Kortenkamp, David and Simmons, Reid},
    booktitle = {Springer Handbook of Robotics},
    doi = {10.1007/978-3-540-30301-5_9},
    mendeley-groups = {Robotics},
    title = {{Robotic Systems Architectures and Programming}},
    year = {2008}
}
@article{Krichmar2001,
    author = {Krichmar, Jeffrey L.},
    doi = {10.1002/cplx.1029},
    issn = {1076-2787},
    journal = {Complexity},
    mendeley-groups = {Robotics},
    title = {{Evolutionary robotics: The biology, intelligence, and technology of self-organizing machines}},
    year = {2001}
}
@article{mtamali2006,
    author = {Tamali, Mohammed and Rahli, Mostepha},
    mendeley-groups = {Robotics},
    month = {jul},
    title = {{Intelligent Search Method based ACO techniques for a multistage  decision problem EDP/LFP}},
    journal = {Leonardo Journal of Sciences},
    url = {http://ljs.academicdirect.org/A09/053\_072.pdf},
    year = {2006}
}

@article{Okamura2004,
    author = {Okamura, A. M.},
    doi = {10.1108/01439910410566362},
    issn = {0143991X},
    journal = {Industrial Robot},
    keywords = {Medical equipment,Robotics,Surgery},
    mendeley-groups = {Robotics},
    title = {{Methods for haptic feedback in teleoperated robot-assisted surgery}},
    year = {2004}
}
@article{Oudeyer2004,
    author = {Oudeyer, Pierre-Yves and Kaplan, Frederic},
    doi = {10.1.1.58.3374},
    isbn = {9197474134},
    journal = {Science},
    keywords = {artificial intelligence,machine learning,robotics},
    mendeley-groups = {Robotics},
    title = {{Intelligent Adaptive Curiosity: a source of Self-Development}},
    year = {2004}
}
@incollection{Parker2009,
    author = {Parker, Lynne E.},
    booktitle = {Encyclopedia of Complexity and Systems Science},
    doi = {10.1007/978-0-387-30440-3_344},
    mendeley-groups = {Robotics},
    title = {{Multiple Mobile Robot Teams, Path Planning and Motion Coordination in}},
    year = {2009}
}
@article{Quigley2009,
    author = {Quigley, Morgan and Conley, Ken and Gerkey, Brian and Faust, Josh and Foote, Tully and Leibs, Jeremy and Wheeler, Rob and Ng, Andrew Y.},
    journal = {ICRA workshop on open source system},
    mendeley-groups = {Robotics},
    title = {{ROS: an open-source Robot Operating System}},
    year = {2009}
}
@article{Rekleitis2001,
    author = {Rekleitis, Ioannis and Dudek, Gregory and Milios, Evangelos},
    doi = {10.1023/A:1016636024246},
    issn = {10122443},
    journal = {Annals of Mathematics and Artificial Intelligence},
    keywords = {Cooperative localization,Exploration,Mapping,Multiple robots},
    mendeley-groups = {Robotics},
    title = {{Multi-robot collaboration for robust exploration}},
    year = {2001}
}
@inproceedings{Rohmer2013,
    author = {Rohmer, Eric and Singh, Surya P.N. and Freese, Marc},
    booktitle = {IEEE International Conference on Intelligent Robots and Systems},
    doi = {10.1109/IROS.2013.6696520},
    isbn = {9781467363587},
    issn = {21530858},
    mendeley-groups = {Robotics},
    title = {{V-REP: A versatile and scalable robot simulation framework}},
    year = {2013}
}
@inproceedings{Rubenstein2012,
    author = {Rubenstein, Michael and Ahler, Christian and Nagpal, Radhika},
    booktitle = {Proceedings - IEEE International Conference on Robotics and Automation},
    doi = {10.1109/ICRA.2012.6224638},
    isbn = {9781467314039},
    issn = {10504729},
    mendeley-groups = {Robotics},
    title = {{Kilobot: A low cost scalable robot system for collective behaviors}},
    year = {2012}
}
@article{Silva2007,
    author = {Silva, Manuel F. and MacHado, J. A.Tenreiro},
    doi = {10.1177/1077546307078276},
    issn = {10775463},
    journal = {JVC/Journal of Vibration and Control},
    keywords = {Biped robots,Humanoid robots,Locomotion,Walking robots},
    mendeley-groups = {Robotics},
    title = {{A historical perspective of legged robots}},
    year = {2007}
}
@article{Sprawitz2014,
    author = {Sprawitz, Alexander T. and Ajallooeian, Mostafa and Tuleu, Alexandre and Ijspeert, Auke Jan},
    doi = {10.3389/fncom.2014.00027},
    journal = {Frontiers in Computational Neuroscience},
    mendeley-groups = {Robotics},
    title = {{Kinematic primitives for walking and trotting gaits of a quadruped robot with compliant legs}},
    year = {2014}
}
@article{Strabala2013,
    author = {Strabala, Kyle Wayne and Lee, Min Kyung and Dragan, Anca Diana and Forlizzi, Jodi Lee and Srinivasa, Siddhartha and Cakmak, Maya and Micelli, Vincenzo},
    doi = {10.5898/JHRI.2.1.Strabala},
    issn = {21630364},
    journal = {Journal of Human-Robot Interaction},
    mendeley-groups = {Robotics},
    title = {{Towards Seamless Human-Robot Handovers}},
    year = {2013}
}
@article{Wieber2016,
    author = {Wieber, Pierre-Brice and Tedrake, Russ and Kuindersma, Scott},
    doi = {10.1007/978-3-319-32552-1_48},
    journal = {Springer Handbook of Robotics},
    mendeley-groups = {Robotics},
    title = {{Modeling and Control of Legged Robots}},
    year = {2016}
}

@inbook{Winkler2009,
    address = {Berlin, Heidelberg},
    author = {Winkler, Alexander and Such{\'{y}}, Jozef},
    booktitle = {Advances in Robotics Research},
    doi = {10.1007/978-3-642-01213-6_8},
    editor = {Kr{\"{o}}ger, Torsten and Wahl, Friedrich M},
    isbn = {978-3-642-01213-6},
    mendeley-groups = {Robotics},
    pages = {77--87},
    publisher = {Springer Berlin Heidelberg},
    title = {{Intuitive Collision Avoidance of Robots Using Charge Generated Virtual Force Fields}},
    url = {https://doi.org/10.1007/978-3-642-01213-6\_8},
    year = {2009}
}
@inproceedings{Yahya2017,
    author = {Yahya, Ali and Li, Adrian and Kalakrishnan, Mrinal and Chebotar, Yevgen and Levine, Sergey},
    booktitle = {IEEE International Conference on Intelligent Robots and Systems},
    doi = {10.1109/IROS.2017.8202141},
    isbn = {9781538626825},
    issn = {21530866},
    mendeley-groups = {Robotics},
    title = {{Collective robot reinforcement learning with distributed asynchronous guided policy search}},
    year = {2017}
}
@article{Yu2017,
    author = {Yu, Wantao and Ramanathan, Ramakrishnan and Wang, Xingyu and Yang, Jiehui},
    isbn = {9780814417904},
    journal = {Industrial Management {\&} Data Systems},
    mendeley-groups = {Robotics},
    title = {{Industrial Management {\&} Data Systems Article information : Paper type Research paper}},
    year = {2017}
}

@inproceedings{Seok2013,
    author = {Seok, Sangok and Wang, Albert and Chuah, Meng Yee and Otten, David and Lang, Jeffrey and Kim, Sangbae},
    booktitle = {Proceedings - IEEE International Conference on Robotics and Automation},
    doi = {10.1109/ICRA.2013.6631038},
    isbn = {9781467356411},
    issn = {10504729},
    title = {{Design principles for highly efficient quadrupeds and implementation on the MIT Cheetah robot}},
    year = {2013}
}

@inproceedings{DiCarlo2018,
    author = {{Di Carlo}, Jared and Wensing, Patrick M. and Katz, Benjamin and Bledt, Gerardo and Kim, Sangbae},
    booktitle = {IEEE International Conference on Intelligent Robots and Systems},
    doi = {10.1109/IROS.2018.8594448},
    isbn = {9781538680940},
    issn = {21530866},
    title = {{Dynamic Locomotion in the MIT Cheetah 3 Through Convex Model-Predictive Control}},
    year = {2018}
}

@article{Li2014,
    author = {Li, Mantian and Wang, Xin and Guo, Wei and Wang, Pengfei and Sun, Lining},
    doi = {10.5772/58563},
    issn = {17298814},
    journal = {International Journal of Advanced Robotic Systems},
    keywords = {Artificial pneumatic muscle,Biomimetic,Legged robots,Musculoskeletal structure},
    title = {{System design of a cheetah robot toward ultra-high speed}},
    year = {2014}
}

@inproceedings{Kaminaga2016,
    author = {Kaminaga, Hiroshi and Ko, Tianyi and Yorita, Satoshi and Sato, Shunsuke and Masumura, Ryo and Komagata, Mitsuo and Ishikawa, Tatsuya and Miyatake, Taira and Nakamura, Yoshihiko},
    booktitle = {IEEE-RAS International Conference on Humanoid Robots},
    doi = {10.1109/HUMANOIDS.2016.7803363},
    isbn = {9781509047185},
    issn = {21640580},
    title = {{Enhancement of mechanical strength, computational power, and heat management for fieldwork humanoid robots}},
    year = {2016}
}

@inproceedings{Kumar2016,
    author = {Kumar, Neerendra and Vamossy, Zoltan and Szabo-Resch, Zsolt Miklos},
    booktitle = {INES 2016 - 20th Jubilee IEEE International Conference on Intelligent Engineering Systems, Proceedings},
    doi = {10.1109/INES.2016.7555123},
    isbn = {9781509012169},
    title = {{Heuristic approaches in robot navigation}},
    year = {2016}
}

@inproceedings{Hernandez-Mendez2018,
    author = {Hernandez-Mendez, Sergio and Maldonado-Mendez, Carolina and Marin-Hernandez, Antonio and Rios-Figueroa, Homero Vladimir and Vazquez-Leal, Hector and Palacios-Hernandez, Elvia R.},
    booktitle = {2017 IEEE International Autumn Meeting on Power, Electronics and Computing, ROPEC 2017},
    doi = {10.1109/ROPEC.2017.8261666},
    isbn = {9781538608197},
    title = {{Design and implementation of a robotic arm using ROS and MoveIt!}},
    year = {2018}
}

@misc{DaveHershbergerDavidGossow2009,

    author = {{Dave Hershberger, David Gossow}, Josh Faust},
    booktitle = {ROS.org},
    title = {{rviz - ROS Wiki}},
    year = {2009}
}

@inproceedings{Omara2016,
    author = {Omara, Hesham Ibrahim Mohamed Ahmed and Sahari, Khairul Salleh Mohamed},
    booktitle = {2015 International Symposium on Agents, Multi-Agent Systems and Robotics, ISAMSR 2015},
    doi = {10.1109/ISAMSR.2015.7379780},
    isbn = {9781509002788},
    keywords = {Gmapping,Interactive marker,Kinect,Navigation,ROS,SLAM,TurtleBot 2,frontier exploration},
    title = {{Indoor mapping using kinect and ROS}},
    year = {2016}
}
@inproceedings{Shen2018,
    author = {Shen, Dong and Huang, Yakun and Wang, Yangxi and Zhao, Chaoyang},
    booktitle = {2018 IEEE International Conference of Intelligent Robotic and Control Engineering, IRCE 2018},
    doi = {10.1109/IRCE.2018.8492968},
    isbn = {9781538674161},
    keywords = {LIDAR,ROS,SLAM,hardware cost},
    title = {{Research and Implementation of SLAM Based on LIDAR for Four-Wheeled Mobile Robot}},
    year = {2018}
}
@phdthesis{Arvind2016,
    author = {Arvind, Achal and Smith, Stephen and Rubinstein, Zachary and Bourne, David and Chuang, Chung-Yao},
    booktitle = {School of Computer Science Carnegie Mellon University},
    keywords = {Architecture,Cyber-physical System (CPS),Industry 4.0,Manufacturing},
    title = {{Architecture for Industry 4.0-based Manufacturing Systems}},
    school = {School of Computer Science Carnegie Mellon University},
    year = {2016}
}

@inproceedings{Meyer2012,
    author = {Meyer, Johannes and Sendobry, Alexander and Kohlbrecher, Stefan and Klingauf, Uwe and {Von Stryk}, Oskar},
    booktitle = {Lecture Notes in Computer Science (including subseries Lecture Notes in Artificial Intelligence and Lecture Notes in Bioinformatics)},
    doi = {10.1007/978-3-642-34327-8_36},
    isbn = {9783642343261},
    issn = {03029743},
    title = {{Comprehensive simulation of quadrotor UAVs using ROS and Gazebo}},
    year = {2012}
}

@book{Joseph2015,
    archivePrefix = {arXiv},
    arxivId = {arXiv:1011.1669v3},
    author = {Joseph, Lentin},
    booktitle = {Published by Packt Publishing Ltd},
    doi = {10.1007/s13398-014-0173-7.2},
    eprint = {arXiv:1011.1669v3},
    isbn = {9780874216561},
    issn = {0717-6163},
    keywords = {Bott},
    publisher = {Packt Publishing Ltd, UK},
    pmid = {15003161},
    title = {{Mastering ROS for Robotics Programming}},
    year = {2015}
}

@inproceedings{Zhang2015,
    author = {Zhang, Mengmi and Qin, Hailong and Lan, Menglu and Lin, Jiaxin and Wang, Shuai and Liu, Kaijun and Lin, Feng and Chen, Ben M.},
    booktitle = {IECON 2015 - 41st Annual Conference of the IEEE Industrial Electronics Society},
    doi = {10.1109/IECON.2015.7392534},
    isbn = {9781479917624},
    title = {{A high fidelity simulator for a quadrotor UAV using ROS and Gazebo}},
    year = {2015}
}

@incollection{Afanasyev2015,
    author = {Afanasyev, Ilya and Sagitov, Artur and Magid, Evgeni},
    booktitle = {Lecture Notes in Computer Science (including subseries Lecture Notes in Artificial Intelligence and Lecture Notes in Bioinformatics)},
    doi = {10.1007/978-3-319-25903-1_24},
    issn = {16113349},
    keywords = {Gazebo,Image-based 3D model,Laser rangefinder,Localization and mapping,Navigation,ROS,Robot simulator,SLAM},
    title = {{ROS-based SLAM for a gazebo-simulated mobile robot in image-based 3D model of Indoor environment}},
    year = {2015}
}

@article{Rosa2015,
    author = {Rosa, Lorenzo and Cognetti, Marco and Nicastro, Andrea and Alvarez, Pol and Oriolo, Giuseppe},
    doi = {10.1016/j.ifacol.2015.06.463},
    issn = {24058963},
    journal = {IFAC-PapersOnLine},
    keywords = {Heterogeneous Team,Multi-Robot System,Multi-Task Control,Stability Analysis},
    title = {{Multi-task cooperative control in a heterogeneous ground-air robot team}},
    year = {2015}
}

@article{Bendjedid2016,
author = {Bendjedid, Hassina and Achou, Mohamed},
doi = {10.12816/0027832},
issn = {11114924},
journal = {Synth{\`{e}}se : Revue des Sciences et de la Technologie},
title = {{Etude de la Diversit{\'{e}} Morphom{\'{e}}trique de Deux Populations d'Abeilles Domestiques ( Apis Mellifera Intermissa et Apis Mellifera Sahariensis ) du Sud Alg{\'{e}}rien}},
year = {2016}
}



